@article { 1,
    author  = {Oró, J.},
    title   = {Comets and formation of biochemical compounds on primitive Earth},
    journal = {Nature},
    volume  = {v. 190},
    pages   = {p. 380},
    year    = {1961}
}

@article { 2,
    author  = {Tuerk, C., Gould, L.},
    title   = {Systematic evolution of ligands by exponential enrichment: RNA
        ligands to bacteriophage T4 DNA polymerase},
    journal = {Science},
    volume  = {v. 3},
    pages   = {p. 505-510},
    year    = {1990}
}

@article { 3,
    author  = {Shannon, C. E},
    title   = {A mathematical theory of communication},
    journal = {Bell System Technical Journal},
    volume  = {v. 27},
    pages   = {p. 379-423, 623-656},
    year    = {1948}
}

@article { 4,
    author  = {Cover, T. et al.},
    title   = {Elements of Information Theory},
    journal = {New York: John Wiley},
    year    = {2001}
}

@article { 5,
    author  = {EIGEN, M.},
    title   = {Self organization of matter and the evolution of biological
        macromolecules},
    journal = {Naturwissenschaften},
    volume  = {v. 56},
    pages   = {p. 465},
    year    = {1971}
}

@article { 6,
    author  = {EIGEN, M.; SCHUSTER, P.},
    title   = {The Hypercycle, a Principle of Natural SelfOrganization},
    journal = {Berlin, Germany: Springer-Verlag},
    year    = {1979}
}

@article { 7,
    author  = {GILBERT, W.},
    title   = {The RNA world},
    journal = {Nature},
    volume  = {v. 319},
    pages   = {p. 618},
    year    = {1986}
}

@article { 8,
    author  = {CECH, T.R},
    title   = {Self-splicing RNA: implications for evolution},
    journal = {International Review of Cytology},
    volume  = {v. 93},
    pages   = {p. 3-22},
    year    = {1985}
}

@article { 9,
    author  = {CECH, T.R et al},
    title   = {Biological catalysis of RNA},
    journal = {Annual Review of Biochemistry},
    volume  = {v. 55},
    pages   = {p. 559-629},
    year    = {1986}
}

@article { 10,
    author  = {MÜLLIS, K.B.},
    title   = {The unusual origin of the polymerase chain reaction},
    journal = {Scientific American},
    volume  = {v. 262},
    number  = {n. 4},
    pages   = {p. 56-61},
    year    = {1990}
}



@article { 11,
    author  = {JOYCE, G. F.},
    title   = {Amplification, mutation and selection of catalytic RNA},
    journal = {Gene},
    volume  = {v. 82},
    pages   = {p. 83-87},
    year    = {1989}
}

@article { 12,
    title   = {In vitro selection of RNA molecules that bind specific ligands},
    author  = {ELLINGTON, A. D.; SZOSTAK, J. W.},
    journal = {Nature},
    volume  = {v. 346},
    pages   = {p. 818-822},
    year    = {1990}
}

@article { 13,
    title   = {Systematic evolution of ligands by exponential enrichment:
        RNA ligands to bacteriophage T4 DNA polymerase},
    author  = {TUERK, C.; GOLD, L.},
    journal = {Science},
    volume  = {v. 3},
    pages   = {p. 505–510},
    year    = {1990}
}

@article { 14,
    title   = {In vitro selection of RNA aptamers that bind to cell adhesion         receptors of Trypanosoma cruzi and inhibit cell invasion},
    author  = {ULRICH, H.; MAGDESIAN, M. H.; ALVES, M. J.; COLLI, W.; HENNING, U},
    journal = {Journal of Biological Chemistry},
    volume  = {v. 277},
    pages   = {p. 20756-20762},
    year    = {2002}
}

@article { 15,
    title   = {Selection of Aptamers for Molecular Recognition and
        Characterization of Cancer Cells},
    author  = {TANG, Z. et al},
    journal = {Analytica Chemistry},
    volume  = {v. 79},
    pages   = {p. 4900-4907},
    year    = {2007}
}

@article { 16,
    title   = {Advances in SELEX and application of aptamers in the central nervous system},
    author  = {ZHANG, Z},
    journal = {Biomolecular Engineering},
    volume  = {v. 24},
    pages   = {p. 583–592},
    year    = {2007}
}

@article { 17,
    title   = {RNA evolution and the origins of life},
    author  = {Joyce, G},
    journal = {Nature},
    volume  = {v. 338},
    pages   = {p. 217–224},
    year    = {1989}
}

@article { 18,
    title   = {Prebiotic chemistry and the origin of the RNA world},
    author  = {ORGEL, L.E},
    journal = {Critical Reviews in Biochemistry and Molecular Evolution},
    volume  = {v. 33},
    pages   = {p. 217–224},
    year    = {2004}
}

@article { 19,
    title   = {A mathematical analysis of SELEX.},
    author  = {LEVINE, H.; NILSEN-HAMILTON, M. A.},
    year    = {2007}
}